@PHDTHESIS{WilliamsPhD2018,
   author = {{Williams}, B.~M.},
    title = "{??}",
 keywords = {Sun, Magnetic skeletons, Magnetic reconnection, Magnetohydrodynamics},
   school = {University of St Andrews},
     year = 2018,
    month = mar,
}

@ARTICLE{Haynes2007,
   author = {{Haynes}, A.~L. and {Parnell}, C.~E.},
    title = "{A trilinear method for finding null points in a three-dimensional vector space}",
  journal = {Physics of Plasmas},
archivePrefix = "arXiv",
   eprint = {0706.0521},
 keywords = {Magnetic reconnection, Magnetohydrodynamics, Interpolation, curve fitting},
     year = 2007,
    month = aug,
   volume = 14,
   number = 8,
    pages = {082107-082107},
      doi = {10.1063/1.2756751},
   adsurl = {http://adsabs.harvard.edu/abs/2007PhPl...14h2107H},
  adsnote = {Provided by the SAO/NASA Astrophysics Data System}
}

@ARTICLE{Haynes2010,
   author = {{Haynes}, A.~L. and {Parnell}, C.~E.},
    title = "{A method for finding three-dimensional magnetic skeletons}",
  journal = {Physics of Plasmas},
 keywords = {plasma magnetohydrodynamics, Magnetohydrodynamics},
     year = 2010,
    month = sep,
   volume = 17,
   number = 9,
      eid = {092903},
    pages = {092903},
      doi = {10.1063/1.3467499},
   adsurl = {http://adsabs.harvard.edu/abs/2010PhPl...17i2903H},
  adsnote = {Provided by the SAO/NASA Astrophysics Data System}
}



